<?xml version="1.0" encoding="UTF-8"?><record xmlns="http://www.loc.gov/MARC21/slim" xmlns:cinclude="http://apache.org/cocoon/include/1.0" xmlns:zs="http://www.loc.gov/zing/srw/">
  <leader>00524cz  a2200157n  4500</leader>
  <controlfield tag="001">n  84050005 </controlfield>
  <controlfield tag="003">DLC</controlfield>
  <controlfield tag="005">20020115053200.0</controlfield>
  <controlfield tag="008">840808n| acannaabn          |n aaa      </controlfield>
  <datafield tag="010" ind1=" " ind2=" ">
    <subfield code="a">n  84050005 </subfield>
  </datafield>
  <datafield tag="035" ind1=" " ind2=" ">
    <subfield code="a">(OCoLC)oca01170115</subfield>
  </datafield>
  <datafield tag="040" ind1=" " ind2=" ">
    <subfield code="a">DLC</subfield>
    <subfield code="b">eng</subfield>
    <subfield code="c">DLC</subfield>
    <subfield code="d">DLC</subfield>
    <subfield code="d">Uk</subfield>
    <subfield code="d">OCoLC</subfield>
  </datafield>
  <datafield tag="053" ind1=" " ind2="0">
    <subfield code="a">PQ6662.A15</subfield>
  </datafield>
  <datafield tag="100" ind1="1" ind2=" ">
    <subfield code="a">Labordeta, Miguel</subfield>
  </datafield>
  <datafield tag="670" ind1=" " ind2=" ">
    <subfield code="a">His Obra completa de Miguel Labordeta, 1983:</subfield>
    <subfield code="b">v. 1-3, t.p. (Miguel Labordeta) v. 1, p. 15, etc. (b. 7-16-21; poet; d. 8-69)</subfield>
  </datafield>
  <datafield tag="670" ind1=" " ind2=" ">
    <subfield code="a">LC data base, 8-6-84</subfield>
    <subfield code="b">(hdg.: Labordeta, Miguel)</subfield>
  </datafield>
</record>